@article{He2025Jun,
	author = {He, Xinchen and Andreadis, Konstantinos M. and Roy, Allison H. and Langhorst, Theodore and Kumar, Abhishek and Butler, Caitlyn S.},
	title = {{Modeling Daily Ice Cover in Northern Hemisphere Lakes With a Long Short-Term Memory Neural Network}},
	journal = {Geophys. Res. Lett.},
	volume = {52},
	number = {12},
	pages = {e2024GL113544},
	year = {2025},
	month = jun,
	issn = {0094-8276},
	publisher = {John Wiley {\&} Sons, Ltd},
	doi = {10.1029/2024GL113544}
}
@article{Sharma2019Mar,
	author = {Sharma, Sapna and Blagrave, Kevin and Magnuson, John J. and O{'}Reilly, Catherine M. and Oliver, Samantha and Batt, Ryan D. and Magee, Madeline R. and Straile, Dietmar and Weyhenmeyer, Gesa A. and Winslow, Luke and Woolway, R. Iestyn},
	title = {{Widespread loss of lake ice around the Northern Hemisphere in a warming world}},
	journal = {Nat. Clim. Change},
	volume = {9},
	pages = {227--231},
	year = {2019},
	month = mar,
	issn = {1758-6798},
	publisher = {Nature Publishing Group},
	doi = {10.1038/s41558-018-0393-5}
}
@article{Huang2022Oct,
	author = {Huang, Lei and Timmermann, Axel and Lee, Sun-Seon and Rodgers, Keith B. and Yamaguchi, Ryohei and Chung, Eui-Seok},
	title = {{Emerging unprecedented lake ice loss in climate change projections}},
	journal = {Nat. Commun.},
	volume = {13},
	number = {5798},
	pages = {1--12},
	year = {2022},
	month = oct,
	issn = {2041-1723},
	publisher = {Nature Publishing Group},
	doi = {10.1038/s41467-022-33495-3}
}